@online{stakeholder,
  author = {BusinessDictionary.com},
  title = {What is a stakeholder? Definition and meaning},
  year = 2017,
  url = {http://www.businessdictionary.com/definition/stakeholder.html},
  urldate = {2018-01-29}
}

@online{json,
  author = {JSON.org},
  title = {The JavaScript Object Notation (JSON) Data Interchange Format},
  year = 2017,
  url = {https://tools.ietf.org/html/rfc8259},
  urldate = {2018-01-30}
}

@online{csv,
  author = {Y. Shafranovich},
  title = {Common Format and MIME Type for Comma-Separated Values (CSV) Files},
  year = 2005,
  url = {https://tools.ietf.org/html/rfc4180},
  urldate = {2018-01-30}
}

@online{slack,
  author = {Slack Technologies},
  title = {Slack: Where Work Happens},
  year = 2013,
  url = {https://slack.com/},
  urldate = {2018-01-30}
}

@online{skyscanner_strategy,
  author = {Mark Logan},
  title = {Skyscanner's Strategy},
  year = 2015,
  url = {https://skyspace.sharepoint.com/sites/CxOGMblogs/Marksblog/Lists/Posts/Post.aspx?ID=2},
  urldate = {2018-02-27}
}

@online{marketplace_engine_home,
  author = {Francisco Lopez},
  title = {Marketplace Engine Tribe Home},
  year = 2017,
  url = {https://confluence.skyscannertools.net/display/MET/Marketplace+Engine+Tribe+Home},
  urldate = {2018-02-27}
}

@online{delorean_squad_home,
  author = {Francisco Lopez},
  title = {DeLorean Home},
  year = 2017,
  url = {https://confluence.skyscannertools.net/display/DEL},
  urldate = {2018-01-28}
}